<?xml version="1.0" encoding="UTF-8"?><collection xmlns="http://www.loc.gov/MARC21/slim"><record><leader>00309nam--2200121-i-4500</leader><controlfield tag="001">000005771</controlfield><controlfield tag="002">20161230</controlfield><controlfield tag="005">20161230201026</controlfield><controlfield tag="008">060222s1000------------r-----000-0-eng-d</controlfield><datafield ind1=" " ind2=" " tag="100"><subfield code="a">Atkinson, W.G</subfield></datafield><datafield ind1=" " ind2=" " tag="245"><subfield code="a">Introduction to atomic  energy</subfield></datafield><datafield ind1=" " ind2=" " tag="260"><subfield code="a">London, Chapman &amp; Hall Ltd., 1959 Vii + 68 P</subfield></datafield><datafield ind1=" " ind2=" " tag="852"><subfield code="a">17073</subfield></datafield></record></collection>